<?xml version="1.0" encoding="UTF-8"?>
<Document xmlns="urn:iso:std:iso:20022:tech:xsd:camt.053.001.08">
  <BkToCstmrStmt>
    <Stmt>
      <Id>STMT-001</Id>
      <Bal>
        <Tp><CdOrPrtry><Cd>OPBD</Cd></CdOrPrtry></Tp>
        <Amt Ccy="USD">1000.00</Amt>
      </Bal>
      <Ntry>
        <Amt Ccy="USD">200.00</Amt>
        <CdtDbtInd>DBIT</CdtDbtInd>
      </Ntry>
      <Bal>
        <Tp><CdOrPrtry><Cd>CLBD</Cd></CdOrPrtry></Tp>
        <Amt Ccy="USD">900.00</Amt>
      </Bal>
    </Stmt>
  </BkToCstmrStmt>
</Document>